<record><leader>00000cas a22000007a 4500</leader><controlfield tag="001">13846074</controlfield><controlfield tag="008">860710d18371839pauwr ne      0    0eng d</controlfield><controlfield tag="009">5005</controlfield><datafield ind1=" " ind2=" " tag="010"><subfield code="a">sn 85036121 </subfield></datafield><datafield ind1=" " ind2=" " tag="040"><subfield code="a">NPA</subfield><subfield code="b">eng</subfield><subfield code="c">NPA</subfield><subfield code="d">NPH</subfield><subfield code="d">MGN</subfield></datafield><datafield ind1=" " ind2=" " tag="042"><subfield code="a">msc</subfield></datafield><datafield ind1="0" ind2="0" tag="245"><subfield code="a">Wyoming Republican and farmer's herald.</subfield></datafield><datafield ind1="0" ind2="0" tag="246"><subfield code="a">Republican &amp; herald</subfield></datafield><datafield ind1=" " ind2=" " tag="260"><subfield code="a">Kingston, Luzerne Co., Pa. :</subfield><subfield code="b">M.S. Blackman and A.S. Tilden,</subfield><subfield code="c">1837-</subfield></datafield><datafield ind1=" " ind2=" " tag="300"><subfield code="a">v. ;</subfield><subfield code="c">52 cm.</subfield></datafield><datafield ind1=" " ind2=" " tag="310"><subfield code="a">Weekly</subfield></datafield><datafield ind1="0" ind2=" " tag="362"><subfield code="a">New ser. v. 1, no. 1 (Jan. 11, 1837)-</subfield></datafield><datafield ind1="1" ind2=" " tag="362"><subfield code="a">Ceased in 1839.</subfield></datafield><datafield ind1=" " ind2=" " tag="500"><subfield code="a">Moved from Wilkes-Barre, Pa.</subfield></datafield><datafield ind1=" " ind2=" " tag="500"><subfield code="a">Publishers: Webb &amp; Blackman, &lt;Nov. 15, 1837&gt;.</subfield></datafield><datafield ind1=" " ind2=" " tag="515"><subfield code="a">Issues for &lt;Jan. 11, 1837-Apr. 2, 1839&gt; also numbered consecutively &lt;whole nos. 251-331&gt;.</subfield></datafield><datafield ind1=" " ind2=" " tag="752"><subfield code="a">United States</subfield><subfield code="b">Pennsylvania</subfield><subfield code="c">Luzerne</subfield><subfield code="d">Kingston.</subfield></datafield><datafield ind1=" " ind2=" " tag="752"><subfield code="a">United States</subfield><subfield code="b">Pennsylvania</subfield><subfield code="c">Luzerne</subfield><subfield code="d">Wilkes-Barre.</subfield></datafield></record>